conference
@String{AOSD = "Proc.\ Int'l Conf.\ Aspect-Oriented Software Development"}
@String{APSEC = "Proc.\ Asia-Pacific Software Engineering Conference"}
@String{ASE = "Proc.\ Int'l Conf.\ Automated Software Engineering"}
@String{CAiSE = "Proc.\ Int'l Conf.\ Advanced Information Systems Engineering"}
@String{CASCON = "Proc.\ Conf.\ Centre for Advanced Studies on Collaborative Research"}
@String{ECBS = "Proc.\ Int'l Conf.\ Engineering of Computer-Based Systems"}
@String{ECMDA = "Proc.\ Europ.\ Conf.\ Model Driven Architecture - Foundations and Applications"}
@String{ECOOP = "Proc.\ Europ.\ Conf.\ Object-Oriented Programming"}
@String{ESECFSE = "Proc.\ Europ.\ Software Engineering Conf./Foundations of Software Engineering"}
@String{FASE = "Proc.\ Int'l Conf.\ Fundamental Approaches to Software Engineering"}
@String{GCSE = "Proc.\ Int'l Conf.\ Generative and Component-Based Software Engineering"}
@String{GPCE = "Proc.\ Int'l Conf.\ Generative Programming and Component Engineering"}
@String{ICAI = "Proc.\ Int'l Conf.\ Artificial Intelligence"}
@String{ICECCS = "Proc.\ Int'l Conf.\ Engineering of Complex Computer Systems"}
@String{ICFP = "Proc.\ Int'l Conf.\ Functional Programming"}
@String{ICSE = "Proc.\ Int'l Conf.\ Software Engineering"}
@String{ICSM = "Proc.\ Int'l Conf.\ Software Maintenance"}
@String{ICSR = "Proc.\ Int'l Conf.\ Software Reuse"}
@String{IDPT = "Proc.\ World Conf.\ Integrated Design and Process Technology"}
@String{OOPSLA = "Proc.\ Conf.\ Object-Oriented Programming, Systems, Languages and Applications"}
@String{POPL = "Proc.\ Conf.\ Principles of Programming Languages"}
@String{RE = "Proc.\ Int'l Conf.\ Requirements Engineering"}
@String{SEKE = "Proc.\ Int'l Conf.\ Software Engineering and Knowledge Engineering"}
@String{SERP = "Proc.\ Int'l Conf.\ Software Engineering Research and Practice"}
@String{SPLC = "Proc.\ Int'l Software Product Line Conference"}
@String{WCRE = "Proc.\ Working Conference on Reverse Engineering"}
@String{WICSA = "Proc.\ Working Conference on Software Architecture"}

workshop
@String{APLE = "Proc.\ Int'l Workshop Agile Product Line Engineering"}
@String{Eclipse = "Proc.\ Workshop Eclipse Technology Exchange"}
@String{FOAL = "Proc.\ Workshop Foundations of Aspect-Oriented Languages"}
@String{GP = "Proc.\ Workshop Generative Programming"}
@String{MVOOPL = "Proc.\ Workshop Modelling Variability for Object-Oriented Product Lines"}
@String{ViSPLE = "Proc.\ Int'l Workshop Visualisation in Software Product Line Engineering"}
@String{IWPC = "Proc.\ Int'l Workshop on Program Comprehension"}
@String{IW-SAPF = "Proc.\ Int'l Workshop Software Architectures for Product Families"}
@String{SF = "Proc.\ Int'l Workshop Software Factories"}
@String{SVMPD = "Proc.\ Int'l Workshop on Software Variability Management for Product Derivation - Towards Tool Support"}
@String{SWESE = "Proc.\ Workshop Semantic Web Enabled Software Engineering"}

symposium
@String{FSE	= "Proc.\ Int'l Symposium Foundations of Software Engineering"}
@String{POPL = "Proc.\ Symposium on Principles of Programming Languages"}
@String{SC = "Proc.\ Int'l Symposium Software Composition"}

journal
@String{CACM = "Comm.\ ACM"}
@String{SEN = "Softw.\ Eng.\ Notes"}
@String{SME = "J. Softw. Maint. Evol."}

other
@String{GTTSE = "Proc.\ Generative and Transformational Techniques in Software Engineering"}
@String{LNCS = "LNCS"}
@String{AddisonWesleyLongman = "Addison-Wesley"},
