conference
@String{AOSD = "Proceedings of the International Conference on Aspect-Oriented Software Development (AOSD)"}
@String{APSEC = "Proceedings of the Asia-Pacific Software Engineering Conference (APSEC)"}
@String{ASE = "Proceedings of the International Conference on Automated Software Engineering (ASE)"}
@String{CAiSE = "Proceedings of the International Conference on Advanced Information Systems Engineering (CAiSE)"}
@String{CASCON = "Proceedings of the Conference of the Centre for Advanced Studies on Collaborative Research (CASCON)"}
@String{ECBS = "Proceedings of the International Conference on Engineering of Computer-Based Systems (ECBS)"}
@String{ECMDA = "Proceedings of the European Conference on Model Driven Architecture - Foundations and Applications (ECMDA)"}
@String{ECOOP = "Proceedings of the European Conference on Object-Oriented Programming (ECOOP)"}
@String{ESECFSE = "Proceedings of the European Software Engineering Conference/Foundations of Software Engineering (ESECFSE)"}
@String{FASE = "Proceedings of the International Conference on Fundamental Approaches to Software Engineering (FASE)"}
@String{GCSE = "Proceedings of the International Conference on Generative and Component-Based Software Engineering (GCSE)"}
@String{GPCE = "Proceedings of the International Conference on Generative Programming and Component Engineering (GPCE)"}
@String{ICAI = "Proceedings of the International Conference on Artificial Intelligence (ICAI)"}
@String{ICECCS = "Proceedings of the International Conference on Engineering of Complex Computer Systems (ICECCS)"}
@String{ICFP = "Proceedings of the International Conference on Functional Programming (ICFP)"}
@String{ICSE = "Proceedings of the International Conference on Software Engineering (ICSE)"}
@String{ICSM = "Proceedings of the International Conference on Software Maintenance (ICSM)"}
@String{ICSR = "Proceedings of the International Conference on Software Reuse (ICSR)"}
@String{IDPT = "Proceedings of the World Conference on Integrated Design and Process Technology (IDPT)"}
@String{OOPSLA = "Proceedings of the Conference on Object-Oriented Programming, Systems, Languages and Applications (OOPSLA)"}
@String{POPL = "Proceedings of the Conference on Principles of Programming Languages (POPL)"}
@String{RE = "Proceedings of the International Conference on Requirements Engineering (RE)"}
@String{SEKE = "Proceedings of the International Conference on Software Engineering and Knowledge Engineering (SEKE)"}
@String{SERP = "Proceedings of the International Conference on Software Engineering Research and Practice (SERP)"}
@String{SPLC = "Proceedings of the International Software Product Line Conference (SPLC)"}
@String{WCRE = "Proceedings of the Working Conference on Reverse Engineering (WCRE)"}
@String{WICSA = "Proceedings of the Working IEEE/IFIP Conference on Software Architecture (WICSA)"}

workshop
@String{APLE = "Proceedings of the International SPLC Workshop on Agile Product Line Engineering (APLE)"}
@String{Eclipse = "Proceedings of the OOPSLA Workshop on Eclipse Technology Exchange"}
@String{FOAL = "Proceedings of the Workshop on Foundations of Aspect-Oriented Languages (FOAL)"}
@String{GP = "Proceedings of the ECOOP Workshop on Generative Programming (GP)"}
@String{MVOOPL = "Proceedings of the ECOOP Workshop on Modelling Variability for Object-Oriented Product Lines (MVOOPL)"}
@String{ViSPLE = "Proceedings of the International SPLC Workshop on Visualisation in Software Product Line Engineering (ViSPLE)"}
@String{IWPC = "Proceedings of the International Workshop on Program Comprehension (IWPC)"}
@String{IW-SAPF = "Proceedings of the International Workshop on Software Architectures for Product Families (IW-SAPF)"}
@String{SF = "Proceedings of the International OOPSLA Workshop on Software Factories (SF)"}
@String{SVMPD = "Proceedings of the International SPLC Workshop on Software Variability Management for Product Derivation - Towards Tool Support (SVMPD)"}
@String{SWESE = "Proceedings of the Workshop on Semantic Web Enabled Software Engineering (SWESE)"}

symposium
@String{FSE	= "Proceedings of the International Symposium Foundations of Software Engineering (FSE)"}
@String{POPL = "Proceedings of the Symposium on Principles of Programming Languages (POPL)"}
@String{SC = "Proceedings of the International Symposium on Software Composition (SC)"}

journal
@String{CACM = "Communications of the ACM"}
@String{SEN = "Software Engineering Notes"}
@String{SME = "Journal of Software Maintenance and Evolution"}
@String{TOPLAS = "ACM Transactions on Programming Languages and Systems (TOPLAS)"}

other
@String{GTTSE = "Proceedings of the summer school on Generative and Transformational Techniques in Software Engineering (GTTSE)"}
@String{LNCS = "Lecture Notes in Computer Science"}
@String{AddisonWesleyLongman = "Addison-Wesley"}
